

% Agente
@article{mcarthur2007multi,
  title={Multi-agent systems for power engineering applicationsâ€”Part I: Concepts, approaches, and technical challenges},
  author={McArthur, Stephen DJ and Davidson, Euan M and Catterson, Victoria M and Dimeas, Aris L and Hatziargyriou, Nikos D and Ponci, Ferdinanda and Funabashi, Toshihisa},
  journal={IEEE Transactions on Power systems},
  volume={22},
  number={4},
  pages={1743--1752},
  year={2007},
  publisher={IEEE}
}

@misc{wooldridge1999intelligent,
  title={Intelligent Agents. Weiss, G.(Ed): Multi-agent Systems: a Modern Approach to Distributed Artificial Intelligence},
  author={Wooldridge, M},
  year={1999},
  publisher={The MIT Press}
}


@article{griss2001software,
  title={Software agents as next generation software components},
  author={Griss, Martin L},
  journal={Component-based software engineering},
  pages={641--657},
  year={2001},
  publisher={Addison-Wesley}
}

%Multiagente
@book{van2008handbook,
  title={Handbook of knowledge representation},
  author={Van Harmelen, Frank and Lifschitz, Vladimir and Porter, Bruce},
  volume={1},
  year={2008},
  publisher={Elsevier}
}
